<record><leader>00000cas a22000007a 4500</leader><controlfield tag="001">21798705</controlfield><controlfield tag="008">900613d18931914maudr ne      0    0eng d</controlfield><datafield ind1=" " ind2=" " tag="010"><subfield code="a">sn 89062358 </subfield></datafield><datafield ind1=" " ind2=" " tag="040"><subfield code="a">MGN</subfield><subfield code="b">eng</subfield><subfield code="c">MGN</subfield><subfield code="d">OCLCQ</subfield></datafield><datafield ind1=" " ind2=" " tag="042"><subfield code="a">msc</subfield></datafield><datafield ind1="0" ind2="4" tag="245"><subfield code="a">The Lawrence sun.</subfield></datafield><datafield ind1="3" ind2="0" tag="246"><subfield code="a">Sunday sun</subfield></datafield><datafield ind1=" " ind2=" " tag="260"><subfield code="a">Lawrence, Mass. :</subfield><subfield code="b">[s.n.]</subfield></datafield><datafield ind1=" " ind2=" " tag="300"><subfield code="a">v.</subfield></datafield><datafield ind1=" " ind2=" " tag="310"><subfield code="a">Daily</subfield></datafield><datafield ind1="1" ind2=" " tag="362"><subfield code="a">Began in 1893?</subfield></datafield><datafield ind1="0" ind2=" " tag="362"><subfield code="a">-June 13, 1914.</subfield></datafield><datafield ind1=" " ind2=" " tag="580"><subfield code="a">On Sundays published as: Sunday sun, &lt;Jan. 1, 1905&gt;-June 14, 1914.</subfield></datafield><datafield ind1=" " ind2=" " tag="588"><subfield code="a">Description based on: No. 599 (May 28, 1895).</subfield></datafield><datafield ind1=" " ind2=" " tag="752"><subfield code="a">United States</subfield><subfield code="b">Massachusetts</subfield><subfield code="c">Essex</subfield><subfield code="d">Lawrence.</subfield></datafield><datafield ind1="0" ind2="7" tag="785"><subfield code="t">Lawrence daily American (Lawrence, Mass. : 1888)</subfield><subfield code="w">(DLC)sn 89062361</subfield></datafield><datafield ind1="0" ind2="7" tag="785"><subfield code="t">Lawrence sun American</subfield><subfield code="w">(DLC)sn 89062359</subfield></datafield></record>